<record xmlns="http://www.loc.gov/MARC21/slim" xmlns:xsi="http://www.w3.org/2001/XMLSchema-instance" xsi:schemaLocation="http://www.loc.gov/MARC21/slim http://www.loc.gov/standards/marcxml/schema/MARC21slim.xsd">

  <leader>00913nam a2200193Ia 4500</leader>
  <datafield ind1=" " ind2=" " tag="999">
    <subfield code="c">1750</subfield>
    <subfield code="d">1750</subfield>
  </datafield>
  <controlfield tag="008">141002s99992010cr            000 | spa d</controlfield>
  <datafield ind2=" " tag="090" ind1=" ">
    <subfield code="a">06.03.06</subfield>
    <subfield code="b"> 1241</subfield>
  </datafield>
  <datafield ind1="1" ind2=" " tag="100">
    <subfield code="a">Chaves Salas, Ana Lupita</subfield>
    <subfield code="9">255</subfield>
  </datafield>
  <datafield tag="245" ind2="4" ind1="1">
    <subfield code="a">Las escuelas unidocentes en Costa Rica: fortalezas y limitaciones / </subfield>
    <subfield code="c">Lupita Chaves Salas; Jacqueline García Fallas; Rocío Alvarado Cruz</subfield>
  </datafield>
  <datafield tag="260" ind2=" " ind1=" ">
    <subfield code="a">[San José, Costa Rica] : </subfield>
    <subfield code="b">INIE, </subfield>
    <subfield code="c">2010</subfield>
  </datafield>
  <datafield ind1=" " tag="300" ind2=" ">
    <subfield code="a">317 páginas</subfield>
  </datafield>
  <datafield tag="500" ind2=" " ind1=" ">
    <subfield code="a">Informe final Proyecto de investigación No.724-A8-317 / </subfield>
  </datafield>
  <datafield ind1="1" tag="650" ind2="4">
    <subfield code="a">EDUCACIÓN PRIMARIA</subfield>
    <subfield code="9">367</subfield>
  </datafield>
  <datafield tag="650" ind2="4" ind1="1">
    <subfield code="a">ESCUELAS RURALES</subfield>
    <subfield code="9">1915</subfield>
  </datafield>
  <datafield ind2="4" tag="650" ind1="1">
    <subfield code="a">PROGRAMAS DE ENSEÑANZA</subfield>
    <subfield code="9">818</subfield>
  </datafield>
  <datafield ind2=" " tag="700" ind1="1">
    <subfield code="a">García Fallas, Jacqueline</subfield>
    <subfield code="9">759</subfield>
  </datafield>
  <datafield tag="700" ind2=" " ind1="1">
    <subfield code="a">Alvarado Cruz, Rocío</subfield>
    <subfield code="9">2551</subfield>
  </datafield>
  <datafield ind1=" " ind2=" " tag="942">
    <subfield code="2">z</subfield>
    <subfield code="c">04</subfield>
  </datafield>
</record>